<?xml version="1.0" encoding="UTF-8"?><collection xmlns="http://www.loc.gov/MARC21/slim"><record><leader>00418nam--2200133-i-4500</leader><controlfield tag="001">000033513</controlfield><controlfield tag="002">20161230</controlfield><controlfield tag="005">20161230201039</controlfield><controlfield tag="008">060222s1000------------r-----000-0-eng-d</controlfield><datafield ind1=" " ind2=" " tag="080"><subfield code="a">514.752.22(043)</subfield></datafield><datafield ind1=" " ind2=" " tag="100"><subfield code="a">Morales Quiroz, Marcelo</subfield></datafield><datafield ind1=" " ind2=" " tag="245"><subfield code="a">Calcul de la   -algebre graduee grma ou a est une   -algebre analytique reduite d`un germe de courbe plane</subfield></datafield><datafield ind1=" " ind2=" " tag="260"><subfield code="a">Orsay, Univ.De Paris Sud, 1976, 52p</subfield></datafield><datafield ind1=" " ind2=" " tag="852"><subfield code="a">44810</subfield></datafield></record></collection>